% This file was created with JabRef 2.7.2.
% Encoding: Cp1252

@ARTICLE{agarwal2002scalability,
  author = {Agarwal, S. and Starobinski, D. and Trachtenberg, A.},
  title = {On the scalability of data synchronization protocols for PDAs and
	mobile devices},
  journal = {Network, IEEE},
  year = {2002},
  volume = {16},
  pages = {22--28},
  number = {4},
  publisher = {IEEE}
}

@ARTICLE{armbrust2009above,
  author = {Armbrust, M. and Fox, A. and Griffith, R. and Joseph, A.D. and Katz,
	R.H. and Konwinski, A. and Lee, G. and Patterson, D.A. and Rabkin,
	A. and Stoica, I. and others},
  title = {Above the clouds: A berkeley view of cloud computing},
  journal = {EECS Department, University of California, Berkeley, Tech. Rep. UCB/EECS-2009-28},
  year = {2009},
  volume = {1},
  pages = {1},
  publisher = {Citeseer}
}

@ARTICLE{briefingscan,
  author = {Briefings, S.},
  title = {Can We Plug Wireless Sensor Network to Cloud?},
  journal = {cloud computing: pinnacle of IT Infrastructure democratization},
  year = {2009},
  volume = {7},
  pages = {33}
}

@ARTICLE{das2011albatross,
  author = {Das, S. and Nishimura, S. and Agrawal, D. and El Abbadi, A.},
  title = {Albatross: lightweight elasticity in shared storage databases for
	the cloud using live data migration},
  journal = {Proceedings of the VLDB Endowment},
  year = {2011},
  volume = {4},
  pages = {494--505},
  number = {8},
  publisher = {VLDB Endowment}
}

@ARTICLE{dong2011rfs,
  author = {Dong, Y. and Zhu, H. and Peng, J. and Wang, F. and Mesnier, M.P.
	and Wang, D. and Chan, S.C.},
  title = {RFS: a network file system for mobile devices and the cloud},
  journal = {ACM SIGOPS Operating Systems Review},
  year = {2011},
  volume = {45},
  pages = {101--111},
  number = {1},
  publisher = {ACM}
}

@INPROCEEDINGS{hassan2009framework,
  author = {Hassan, M.M. and Song, B. and Huh, E.N.},
  title = {A framework of sensor-cloud integration opportunities and challenges},
  booktitle = {Proceedings of the 3rd International Conference on Ubiquitous Information
	Management and Communication},
  year = {2009},
  pages = {618--626},
  organization = {ACM}
}

@INPROCEEDINGS{lee2010system,
  author = {Lee, K. and Hughes, D.},
  title = {System architecture directions for tangible cloud computing},
  booktitle = {2010 First ACIS International Symposium on Cryptography, and Network
	Security, Data Mining and Knowledge Discovery, E-Commerce and Its
	Applications, and Embedded Systems},
  year = {2010},
  pages = {258--262},
  organization = {IEEE}
}

@INPROCEEDINGS{melchor2011design,
  author = {Melchor, J. and Fukuda, M.},
  title = {A design of flexible data channels for sensor-cloud integration},
  booktitle = {Systems Engineering (ICSEng), 2011 21st International Conference
	on},
  year = {2011},
  pages = {251--256},
  organization = {IEEE}
}

@PHDTHESIS{patil2011usable,
  author = {Patil, S.K.},
  title = {Usable, lightweight and secure, architecture and programming interface
	for integration of Wireless Sensor Network to the Cloud.},
  school = {The Ohio State University},
  year = {2011}
}

@INPROCEEDINGS{stuedi2010wherestore,
  author = {Stuedi, P. and Mohomed, I. and Terry, D.},
  title = {WhereStore: location-based data storage for mobile devices interacting
	with the cloud},
  booktitle = {Proceedings of the 1st ACM Workshop on Mobile Cloud Computing \&
	Services: Social Networks and Beyond},
  year = {2010},
  pages = {1},
  organization = {ACM}
}

@INPROCEEDINGS{uppoor2010cloud,
  author = {Uppoor, S. and Flouris, M.D. and Bilas, A.},
  title = {Cloud-based synchronization of distributed file system hierarchies},
  booktitle = {Cluster Computing Workshops and Posters (CLUSTER WORKSHOPS), 2010
	IEEE International Conference on},
  year = {2010},
  pages = {1--4},
  organization = {IEEE}
}

@INPROCEEDINGS{vasilescu2005data,
  author = {Vasilescu, I. and Kotay, K. and Rus, D. and Dunbabin, M. and Corke,
	P.},
  title = {Data collection, storage, and retrieval with an underwater sensor
	network},
  booktitle = {Proceedings of the 3rd international conference on Embedded networked
	sensor systems},
  year = {2005},
  pages = {154--165},
  organization = {ACM}
}

@comment{jabref-meta: selector_review:}

@comment{jabref-meta: selector_publisher:}

@comment{jabref-meta: selector_author:}

@comment{jabref-meta: selector_journal:}

@comment{jabref-meta: selector_keywords:}

